
@article{syrett2024,
	title = {Perceptual Benefits of Linguistic Diversity and Language Background: Evidence from Auditory Free Classification of English Dialect Accents and Asian-Accented English},
	author = {Syrett, Kristen and Lu, Joy and Parrish, Kyle},
	year = {2024},
	month = {08},
	date = {2024-08-26},
	journal = {Glossa Psycholinguistics},
	volume = {3},
	number = {1},
	doi = {10.5070/g60111672},
	url = {http://dx.doi.org/10.5070/G60111672}
}
